

@mastersthesis{master,
    author    = "Jannik Berg and Camilla Haukenes Karud",
    title     = "Swarm intelligence in bio-inspired robotics",
    school    = "NTNU",
    year      = "2009"
}


@MISC{ants,
   author = "Roxanne Khamsi",
   note = "Ants use pedometers to find home",
   year = "2006",
   url = "http://www.newscientist.com/article/dn9436-ants-use-pedometers-to-find-home.html"
}